2904 4824
663 361 788 415 ..4-

272 487 406 571 Quibus
435 496 552 558 autem
568 488 636 559 viri
655 499 761 582 atque
777 488 969 560 rationibus
994 490 1035 560 eb
1055 489 1229 562 comoedia

224 615 424 708 pervenerit
450 625 488 685 ut
515 615 675 708 personis
705 615 835 708 primas
859 625 975 708 partes
1002 617 1081 707 jure
1110 626 1229 711 posset

223 740 433 829 concedere,
461 750 691 833 naturamque
718 741 830 834 ipsam
853 741 996 812 creandi
1024 751 1098 812 arte
1118 764 1227 836 prope

165 933 169 948 ,
223 887 389 958 superare
405 866 597 955 videretur,
621 866 844 937 manifestum
859 845 1015 960 promoto
1031 876 1065 938 ct
1084 889 1130 938 ex
1145 889 1232 960 prae·

222 991 331 1083 ceptis
351 992 595 1083 magistrorum
616 1001 650 1061 et
669 1013 715 1061 ex
741 962 825 1086 ipsis
849 1002 1032 1085 poetarum
1057 993 1230 1087 exemplis

223 1113 409 1185 lacileliet.
895 1203 898 1208 ι

271 1238 357 1308 Mira
382 1238 513 1309 scilicet
531 1242 657 1328 unitos,
679 1249 719 1311 ut
742 1241 953 1312 vocabulum
978 1263 1144 1334 usurpem
1165 1264 1228 1312 ne·

221 1364 431 1453 cessarium,
454 1375 488 1434 et
506 1365 699 1435 constantia
720 1365 755 1432 in
780 1365 939 1458 personis
959 1387 1037 1436 esse
1056 1366 1175 1458 coepit.

269 1487 360 1571 Quid
373 1511 499 1582 nempe
514 1490 668 1578 Flaccus,
687 1491 723 1559 in
739 1490 797 1562 illo
818 1490 862 1560 de
882 1493 962 1560 Arte
971 1493 1098 1583 poetico
1120 1490 1224 1580 libre,

221 1622 342 1705 poetas
366 1614 560 1708 praesertim
581 1584 704 1685 curare
731 1616 844 1706 jubet,
873 1594 1057 1709 postquam
1084 1614 1228 1686 heroem

221 1737 386 1828 aliquem,
409 1760 454 1808 ex
477 1739 594 1810 medio
614 1739 714 1831 quasi
738 1740 932 1829 delectum,
955 1741 1099 1834 inopus
1124 1761 1227 1811 suum

221 1861 436 1933 induxerunt
452 1863 691 1954 effingendam
707 1867 724 1932 ‘l

739 2071 868 2126 Servetur
883 2073 918 2126 cd
932 2075 1031 2135 ‘imum

220 2240 346 2332 inquit,

325 2430 419 2496 Qualis
433 2431 467 2483 ab
480 2433 584 2500 incepto
596 2434 756 2500 processerit
770 2476 775 2496 ,
792 2436 817 2485 et
830 2434 883 2486 ribi
898 2438 1005 2486 constet.

218 2618 291 2688 Hoc
306 2629 419 2710 poetae
434 2611 605 2706 studium,
622 2617 679 2688 hic
697 2618 796 2703 labor
810 2618 856 2688 sit
872 2619 1089 2712 praecipuus,
1106 2619 1226 2690 utsibi

218 2716 367 2834 persona
382 2740 534 2830 constet,
558 2749 596 2810 ut
615 2741 711 2811 illam
729 2742 813 2812 vitae
835 2763 905 2813 non
922 2742 1002 2813 dico
1023 2742 1226 2836 simplicita-

218 2876 287 2938 tem
320 2865 416 2962 (nam
443 2867 631 2938 multorum
658 2876 782 2937 natura
816 2875 869 2937 est
903 2866 1124 2963 multiplex),
1161 2870 1225 2939 sed

218 2993 451 3064 constantiam
478 3002 573 3063 certe
587 3002 632 3063 xet
655 2992 824 3064 unitatem
844 2992 1041 3062 aemuletur.
1073 2993 1123 3062 lta
1146 3015 1225 3086 per-

219 3140 305 3190 sona
325 3119 401 3212 ipsa
423 3140 494 3190 non
510 3120 582 3209 Jam
606 3099 795 3189 vanis'illis
819 3117 1029 3207 imaginibus
1046 3139 1134 3210 quas
1161 3118 1244 3188 ali-'.

217 3266 285 3338 qua
307 3244 482 3314 interdum
509 3243 639 3334 ingenii
664 3242 773 3313 libido
793 3264 911 3312 creare
937 3243 1137 3334 gestiverit,
1160 3242 1224 3314 scd

217 3369 352 3441 viventi
370 3390 455 3439 vere
467 3367 615 3462 ,homini
636 3365 696 3436 liet
714 3367 858 3455 similis,
881 3377 987 3460 atque
1007 3368 1043 3437 in
1063 3377 1224 3460 spectan-

216 3497 303 3565 tium
329 3495 499 3565 memoria
525 3503 697 3563 aeternum
719 3493 888 3586 impressa
914 3493 1145 3586 permanebit.
1176 3493 1223 3562 lla

217 3625 359 3695 demum
380 3624 576 3695 constantia
613 3645 659 3694 cx
696 3622 946 3693 verisimilibus
981 3623 1098 3693 forsan
1113 3677 1123 3712 ,
1160 3621 1223 3692 sed

217 3750 372 3842 alioquin
396 3770 520 3842 parum
543 3748 802 3819 cohaerentibus
819 3750 1006 3838 moribus,
1029 3748 1118 3817 illud
1142 3769 1222 3818 nes-

216 3876 270 3946 cio
294 3874 379 3966 quid
402 3871 531 3943 efficiet
552 3874 647 3964 quod
666 3874 754 3943 Galli
779 3874 909 3966 optime
937 3874 1104 3944 dixerunt
1135 3899 1152 3939 u
1179 3897 1224 3942 uu

217 4001 395 4088 caractere,
421 4025 438 4064 n
460 3999 720 4090 elegantissimo
741 3998 884 4092 prorsirs
904 4000 1078 4072 vocabulo
1105 3999 1223 4069 omnia
