2904 4824
698 819 750 876 DE

237 1093 513 1230 erasnm
542 1094 696 1230 nrm
738 1093 1205 1310 mereamim.

608 1495 836 1507 ——n—

548 1810 684 1883 CAPUT
709 1811 887 1883 PRIMUM.

216 2111 311 2170 QUEM
336 2111 381 2161 AD
406 2111 508 2161 FINEM
532 2111 662 2161 TENDAT
680 2111 926 2161 ARISTOPHANIS
945 2110 1125 2176 COMOEDIA,
1148 2110 1231 2170 Qua-

267 2235 402 2296 LEMQUE
433 2237 511 2286 ΙΙ)Εο
541 2236 654 2287 LOCUM
685 2236 854 2285 PERSONAS
880 2235 914 2285 ΙΝ
947 2237 1024 2286 ILLA
1058 2235 1226 2286 OBTlNEliE

234 2364 237 2371 '
270 2360 410 2412 NECESSE
436 2362 501 2413 SIT.

257 2646 452 2716 -Neminem
473 2645 628 2738 profecto
648 2665 727 2714 esse
742 2644 937 2714 dixerimus
952 2643 1012 2735 qui
1028 2665 1100 2714 non
1121 2644 1231 2714 fatea-

222 2781 280 2840 tur
299 2792 467 2864 personas
488 2771 522 2839 in
544 2769 666 2861 gallica
684 2779 802 2841 nostra
818 2769 991 2841 comoedia
1012 2769 1227 2862 praecipunm

222 2896 338 2966 locum
353 2896 512 2967 obtinere
535 2920 541 2962 ε
564 2893 652 2963 nihil
671 2894 766 2987 apud
785 2894 937 2965 comicos
959 2902 1097 2964 nostros
1111 2914 1232 2987 perso·

223 3020 280 3091 nis
292 3023 529 3114 praestantins‚
547 3018 633 3090 nihil
650 3018 761 3110 magis
776 3019 1018 3111 conspicuum,
1034 3018 1120 3087 nihil
1136 3019 1233 3110 qnod

224 3145 417 3237 legentium
437 3145 574 3214 animos
598 3144 634 3212 in
658 3165 697 3213 se
723 3143 833 3234 magis
858 3152 1053 3215 convertat.
1080 3142 1113 3211 Si
1134 3143 1233 3213 Raci-

224 3269 365 3340 nianam
391 3271 485 3340 iilam
520 3269 653 3340 scilieet
686 3268 731 3337 de
767 3269 996 3360 Litiqatorihas
1024 3267 1233 3339 comediam

225 3394 430 3464 meminisse
458 3393 658 3482 curaveris,
680 3392 861 3462 Dandinus
888 3393 1005 3462 statim
1035 3392 1154 3463 animo
1179 3413 1234 3462 re-

130 3497 133 3503 *
176 3538 180 3543 ·
226 3520 401 3623 cursabit,
423 3530 458 3590 et
479 3519 599 3611 judice
618 3519 746 3611 dignus
766 3519 938 3611 litigator,
963 3518 1019 3589 cui
1040 3539 1168 3588 nomen
1188 3539 1234 3587 ex

228 3770 443 3863 impositum.
460 3770 534 3840 Jam
551 3791 637 3841 vero
658 3779 698 3838 ut
711 3769 757 3838 ad
773 3768 966 3838 maximum
987 3767 1102 3837 statim
1122 3787 1238 3838 scenae

228 3904 359 3964 nostrae
379 3915 508 3965 nomen
529 3893 728 3980 veniamus,
751 3914 870 3985 quem,
894 3902 1021 3985 praeter
1040 3890 1236 3977 Molerinm,

228 4040 432 4113 nuncupare
458 4040 664 4113 possumus,
700 4018 799 4108 eujus
819 4017 983 4110 exemplo
1004 4015 1115 4106 magis
1135 4015 1236 4085 illus·
