2904 4824
653 1009 892 1082 CONCLUSIO.

321 1600 412 1684 Quid
428 1622 474 1669 ex
482 1599 550 1669 illis
569 1599 732 1670 omnibus
747 1618 826 1692 quae
841 1622 946 1694 supra
963 1601 1194 1671 disseruimus
1213 1601 1283 1672 col.

272 1727 332 1819 ligi
358 1725 489 1820 possit,
512 1747 606 1795 nunc
625 1727 795 1797 brevibus
811 1727 931 1796 verbis
946 1726 1240 1798 concludendum.
1276 1708 1286 1730 '¹

322 1852 397 1922 Uno
427 1850 561 1920 scilicet
580 1850 742 1944 exemplo
762 1851 935 1943 quodam,‘
952 1852 1047 1944 quod
1071 1852 1174 1945 plane
1197 1874 1281 1922 con-

274 1975 436 2069 spicuum
456 1985 568 2066 esset,
598 1975 775 2046 voluimus
796 1976 982 2047 ostendere
1010 1998 1114 2069 quam
1142 1976 1282 2070 penitus

272 2103 362 2172 inter
376 2124 414 2172 se
429 2099 865 2195 differrentrlristophanis
880 2123 920 2172 ac
934 2102 1069 2173 llolerii
1080 2102 1277 2173 comoediae.

271 2227 441 2298 Personas
461 2226 567 2318 igitur
581 2226 859 2314 considerantes²
883 2249 961 2318 quae
975 2227 1069 2319 apud
1089 2236 1282 2318 utrumque

271 2351 431 2444 plurimae
461 2350 603 2443 quidem
631 2360 771 2421 suntet
797 2351 872 2443 pari
906 2350 1047 2441 ingenio
1074 2350 1278 2440 adornatae,

273 2476 350 2548 illas
374 2477 594 2549 ostendimus
629 2475 771 2547 omnino
797 2475 1001 2546 dissimilem
1036 2476 1071 2544 in
1098 2477 1284 2568 utriusque

272 2601 454 2672 comoediis
478 2601 592 2672 locum
620 2600 795 2689 obtinere,
827 2623 935 2693 quum
963 2600 1045 2670 hinc
1074 2601 1109 2671 in
1144 2601 1282 2671 illarum

272 2727 429 2797 moribus
453 2725 685 2818 depingendis
715 2736 824 2796 totum
855 2734 969 2819 poetae
995 2746 1084 2818 opus
1104 2736 1279 2815 versetur,

272 2851 367 2921 illinc
394 2861 514 2922 contra
534 2849 619 2918 nihil
639 2850 737 2920 aliud
757 2872 920 2944 personae
938 2851 1008 2920 sint
1026 2872 1132 2943 quam
1152 2851 1282 2920 instru-

272 2985 428 3047 mentum
448 2975 625 3068 quoddam
651 2997 721 3068 quo
748 2975 794 3045 ad
827 2974 934 3046 finem
962 2974 1027 3046 sihi
1049 2976 1280 3069 propositum,

272 3106 317 3172 ad
343 3101 495 3194 aliquam
529 3123 656 3194 nempe
684 3101 1018 3173 demonstrationem
1045 3100 1279 3192 efficiendam,

274 3227 458 3320 perveniat
477 3223 740 3318 Aristophanes.
764 3227 874 3316 Hujus
894 3247 1061 3318 personas
1082 3248 1191 3320 prope
1209 3199 1282 3296 sin-

272 3352 371 3442 gulas
400 3350 663 3445 perlustrando,
697 3350 918 3420 manifestum
955 3344 1074 3422 lorsan'
1100 3351 1281 3422 effecimus

273 3477 411 3546 illarum
432 3498 559 3565 mores,
582 3477 647 3546 etsi
669 3476 844 3546 interdum
864 3499 942 3546 cum
962 3477 1152 3548 llloleriana
1173 3498 1283 3572 prope

276 3600 457 3692 diligentia
489 3611 524 3671 et
544 3600 706 3672 felicitate
726 3601 853 3695 depicti
875 3625 952 3672 esse
969 3602 1168 3693 videantur,
1190 3624 1281 3672 nun-

275 3749 382 3820 quam
408 3737 522 3797 tamen
559 3727 644 3796 illud
671 3729 766 3819 quod
785 3727 933 3798 dicimus
953 3727 1132 3822 proprium
1152 3728 1282 3797 veteris

275 3851 459 3922 comoediae
493 3851 632 3942 signum
663 3873 733 3921 non
763 3851 961 3941 ostendere,
990 3862 1028 3920 ut
1061 3852 1282 3922 demonstra-

275 3977 359 4048 tioni
404 3976 536 4046 scilicet
564 3977 667 4046 alicui
707 3976 936 4049 conficiendae
973 3978 1120 4072 prosint.
1164 3977 1281 4060 Quum
