2904 4824
696 364 840 416 ..40-

265 496 365 585 cujus
391 503 507 586 partes
528 493 601 584 agit
618 492 678 584 qui
698 511 862 582 magnam
886 489 1136 581 diversamque
1155 488 1273 558 multi·

266 618 424 689 tudinem
439 601 495 687 'ad
517 639 626 687 unum
664 616 842 708 quoddam
876 614 1021 685 tendere
1056 614 1274 708 propositum

265 745 514 836 communique
529 740 756 835 animo'quasi
772 741 975 834 conspirare
981 741 1082 832 jubet
1094 740 1271 832 cogitque.

269 894 286 934 α
314 868 401 938 Ecce
425 868 484 937 illa
510 867 627 961 prodit
655 867 691 935 in
713 866 883 954 medium,
905 865 1034 936 chorus
1053 865 1102 934 ait
1129 865 1275 935 femina-

269 1019 287 1060 »
314 1015 414 1082 rum,
437 1014 517 1084 quae
537 1013 601 1062 nos
626 1002 661 1094 et
688 992 724 1060 in
748 991 904 1062 consiliis
933 999 968 1061 et
988 989 1024 1058 in
1050 989 1127 1082 ipso
1146 989 1275 1080 agendi

270 1146 287 1186 >t
315 1119 517 1190 discrimine
536 1119 627 1210 regit
646 1114 715 1214 (l).
742 1143 758 1183 u
780 1117 893 1199 Quam
916 1115 1116 1210 Lysistratae
1134 1115 1276 1186 laudem

266 1244 388 1314 tribuit
406 1244 548 1331 chorus²
571 1242 731 1313 eamdem
752 1251 787 1312 et
801 1241 898 1335 apud
922 1241 1112 1312 Homerum
1132 1250 1167 1311 et
1180 1242 1276 1334 apud

264 1374 470 1467 Sophoclem
489 1372 715 1465 Neoptolemo
741 1371 805 1463 ipsi
827 1370 942 1440 datam
962 1370 1138 1458 videmus¹
1162 1393 1270 1462 quem

266 1499 411 1570 laudant
430 1520 552 1570 omues
564 1497 659 1589 quod
673 1497 709 1566 in
725 1496 856 1589 praeliis
873 1496 1003 1589 pariter
1019 1505 1054 1566 et
1067 1496 1103 1565 in
1119 1496 1275 1567 consiliis

267 1625 324 1696 vel
350 1625 481 1696 virtute
507 1624 565 1695 vel
596 1621 782 1716 prudentia
802 1617 987 1691 emineret.
1012 1621 1085 1692 Hoc
1108 1621 1175 1690 sibi
1196 1642 1276 1714 pro-

266 1750 384 1843 posuit
415 1749 605 1843 Lysistrata
624 1757 663 1816 ut
682 1746 850 1840 plurimas
870 1745 1018 1816 feminas
1033 1745 1276 1836 conjuratione

266 1876 409 1968 quidam
429 1874 605 1945 communi
620 1872 887 1963 constringeret.
906 1871 1052 1963 Aliquid
1068 1872 1176 1963 igitur
1186 1872 1276 1942 The-

266 2001 433 2072 mistoolis
452 2009 513 2069 aut
532 1999 673 2069 Periclis
694 1999 730 2068 in
750 1999 808 2068 illa
828 1998 944 2069 inesse
962 2020 1108 2069 necesse
1124 2008 1177 2069 est
1195 2021 1276 2090 quae
1300 1987 1302 1991 ’

266 2124 395 2194 mobile
418 2144 561 2217 prorsus
593 2143 743 2192 examen
768 2143 890 2213 regere
919 2143 1004 2191 ausa
1032 2122 1147 2191 suerit.
1183 2122 1275 2205 Quid

267 2271 352 2320 vero
374 2248 559 2335 muliebre,
583 2248 669 2339 quid
686 2246 867 2340 proprium
884 2255 918 2316 et
937 2246 1166 2337 singularem
1186 2247 1275 2318 Tbe-
1307 2247 1310 2253 ’

265 2373 423 2445 mistocle
436 2373 504 2443 boc
519 2382 641 2444 nostro
659 2372 905 2443 inveniemus?
918 2372 1000 2441 llaec
1014 2393 1150 2441 summa
1161 2382 1276 2464 poetae

192 2573 194 2578 k
265 2510 322 2560 ars
342 2490 407 2559 luit
425 2501 476 2577 ut,
499 2489 761 2559 diversissimas
777 2487 958 2558 miscendo
977 2488 1138 2577 virtutes7
1162 2510 1277 2581 perso

265 2636 346 2684 nam
366 2614 542 2707 quandam
562 2613 737 2684 creaverit
757 2614 854 2684 omni
873 2613 1081 2684 feminarum
1098 2624 1133 2684 et
1152 2637 1277 2686 venus·
1302 2687 1306 2694 ,

266 2748 335 2809 tate
355 2749 390 2810 et
408 2739 571 2810 acumine
590 2739 832 2832 conspicuam.

314 2863 364 2934 Ac
382 2863 549 2956 primum,
567 2836 605 2932 ut
620 2872 725 2934 tantae
742 2864 869 2933 ducem
886 2864 1138 2955 conjurationis
1159 2865 1272 2956 decet,

265 3010 375 3079 sagax
400 2987 449 3056 illi
476 2987 614 3057 animus
646 2998 717 3090 est,
746 2987 997 3081 ingeniumque
1024 2998 1059 3058 et
1088 2991 1275 3082 praesentia

256 3113 483 3206 perpendere
510 3121 544 3183 ct
573 3113 688 3182 futura
714 3113 915 3206 prospicere
942 3112 1121 3184 idoneum.
1155 3115 1275 3186 Finem

264 3239 370 3331 elegit
384 3239 644 3331 assequendum
665 3239 761 3310 omni
788 3238 934 3330 dignum
956 3239 1212 3311 admiratione:
1238 3252 1277 3311 ut
1319 3298 1321 3302 .

263 3383 334 3455 pax
354 3362 532 3452 videlicet‚'
551 3385 613 3456 per
632 3372 683 3433 tot
702 3383 813 3433 annos
833 3362 979 3433 desueta
990 3363 1143 3456 ideoque
1163 3367 1275 3457 magis

264 3486 448 3579 optabilis,
471 3487 672 3558 civitatibus
699 3487 824 3579 graecis
843 3488 1025 3558 reddatur.
1048 3489 1160 3572 Quam
1181 3512 1267 3562 vero

264 3611 372 3702 viam,
390 3622 428 3681 ut
447 3613 483 3683 id
499 3612 666 3703 efficeret,
685 3613 820 3684 invenit
827 3667 837 3702 ‚
856 3614 921 3684 etsi
936 3614 1043 3684 nimia
1059 3615 1119 3685 illa
1134 3638 1272 3687 morum

300 3913 336 3980 (l)
435 3921 540 3973 Ἀνασσα
553 3924 659 3989 πράγους
673 3925 744 3975 τοῦδε
758 3925 800 3974 καὶ
817 3926 990 3989 βουλεύματος.

911 4013 948 4083 V.
966 4015 1027 4071 too.
