2904 4824
527 1013 663 1084 CAPUT
702 1013 899 1085 TERTIUM.

431 1315 473 1365 DE
499 1313 701 1365 STREPSIADE
729 1315 768 1364 ET
794 1315 1012 1366 LTSISTRATA.

263 1612 450 1704 Postquam
466 1620 501 1681 et
520 1610 655 1682 ratione
675 1620 711 1681 et
738 1612 910 1706 exemplis
926 1611 1146 1684 ostendimus
1166 1634 1222 1683 ra·

217 1737 373 1807 rissimas
410 1734 504 1829 apud
541 1734 812 1829 Aristophanem
857 1758 1025 1831 personas
1072 1720 1223 1808 inveniri

123 1911 128 1919 -
216 1885 320 1958 posse
339 1883 487 1955 quarum
508 1843 632 1932 natura
652 1862 808 1934 funditus
829 1873 864 1933 et
893 1863 1072 1956 explicite,
1095 1884 1223 1934 secun-

218 1989 302 2059 dum
318 1987 521 2082 posterioris
540 1987 625 2057 artis
640 1997 814 2081 praecepta
834 1997 869 2059 et
883 1988 1061 2081 exempla,
1082 1987 1224 2081 depicta
1299 2017 1303 2024 ·

219 2114 277 2202 sit,
300 2122 408 2184 restat
423 2123 460 2183 ut
479 2134 608 2207 paucas
627 2123 741 2183 tamen
761 2111 891 2204 figuras
911 2135 955 2183 ex
973 2082 1136 2185 omnihus
1156 2112 1225 2182 illis

167 2268 169 2272 ’
219 2238 402 2310 comoediis
436 2238 537 2330 quasi
568 2238 723 2309 eminere
750 2238 1044 2328 demonstremus,
1067 2237 1225 2308 vividam

102 2403 133 2414 -
220 2364 315 2434 illam
337 2363 597 2456 perfectamque
631 2363 734 2433 simul
768 2363 933 2433 humanae
965 2373 1101 2433 naturae
1139 2363 1227 2432 ima·
1306 2357 1308 2360 ’

222 2489 340 2581 ginem
373 2488 564 2558 referentes
599 2509 704 2580 quam
738 2499 772 2559 et
808 2489 972 2560 Horatius
1009 2490 1046 2558 in
1066 2487 1225 2581 personis

224 2613 350 2683 inesse‘
375 2613 492 2704 jussit,
515 2621 550 2682 et
582 2635 703 2684 omnes
741 2623 821 2706 post
839 2614 1068 2684 Menandrum
1103 2611 1227 2683 comici
1317 2617 1318 2621 ’

113 2717 116 2723 ¹
223 2738 383 2808 certatim
399 2737 565 2829 effingere
584 2739 698 2808 conati
715 2750 809 2809 sunt.
831 2740 900 2809 Has
917 2739 1023 2831 igitur
1037 2739 1224 2831 perfectas,

225 2872 264 2932 ut
280 2864 329 2940 ¹ita
350 2863 477 2951 dicam,
506 2885 673 2957 personas
707 2864 791 2934 dum
825 2862 1141 2951 considerabimus,
1171 2884 1228 2934 oc·
1276 2925 1278 2931 Α

225 2999 342 3060 curret
358 2990 474 3060 statim
495 2999 529 3059 et
562 2989 696 3060 Molerii
731 2998 767 3060 et
802 2989 934 3061 Racinii
954 2989 991 3058 in
1025 2973 1230 3059 memoriam

89 3143 93 3148 ·
226 3126 451 3207 mentemque
464 3113 620 3186 'nostram
637 3115 822 3210 multiplex
836 3115 998 3207 quaedam
1019 3114 1228 3185 recordatio.

125 3242 127 3246 ’
178 3215 181 3219 ’
225 3241 302 3311 Non
322 3223 418 3332 quod
435 3238 705 3340 Aristophanem
726 3263 870 3333 prorsus
907 3240 944 3309 in
963 3240 1124 3333 personis
1162 3239 1231 3309 illis

115 3381 117 3384 ’
227 3365 436 3457 effingendis
455 3386 593 3458 semper
607 3373 767 3435 auctores
787 3365 896 3436 nostri
917 3365 985 3435 sint
1001 3364 1125 3434 imitati
1144 3390 1151 3432 ε
1171 3364 1234 3434 sod

228 3513 268 3562 ea
290 3490 415 3560 theatri
432 3490 541 3563 nostri
556 3490 592 3559 in
609 3475 779 3562 moribus
794 3491 1036 3562 descrihendis
1055 3491 1234 3561 creandis-

228 3605 468 3710 que'personis
488 3617 630 3687 uhertas
648 3626 715 3706 est,
738 3626 776 3688 ut
795 3638 890 3710 saepe
905 3639 984 3687 cum
1000 3615 1235 3708 Aristophane

228 3742 263 3811 in
283 3751 383 3812 vasta
402 3741 460 3810 illa
480 3742 643 3812 humanae
670 3751 804 3812 naturae
831 3741 931 3834 quasi
965 3740 1147 3834 prouincia
1171 3762 1235 3811 ex·
1320 3730 1322 3732 ’

175 3903 178 3908 -
231 3867 415 3960 ploranda,
436 3889 499 3937 seu
514 3889 610 3956 casu,
628 3890 691 3938 seu
712 3867 874 3955 concilio,
886 3866 1129 3938 convenerint.
1143 3864 1241 3948 Quo·⁴
1304 3853 1308 3858 ’

131 4089 132 4093 ¹
233 3992 298 4067 ties
318 3991 488 4102 igiturex
503 3993 605 4066 nobis
624 3992 817 4065 similitudo
837 3991 897 4062 fiet
911 3992 1030 4088 obvia,
1048 4014 1127 4084 quae
1142 3990 1238 4061 simi-
