2904 4824
695 377 837 430 ..38-

262 512 400 597 poetam
415 503 451 571 in
467 502 584 573 animo
594 525 674 572 cum
690 501 899 574 comoediam
915 503 1008 574 iliius
1026 506 1168 577 nomine
1184 507 1273 578 desi·

263 637 402 720 gnatam
441 629 696 714 conscriberet,
732 649 838 719 quam
872 638 911 697 ut
945 628 1039 700 illius
1077 632 1272 725 praesertim
1348 663 1354 675 ·

263 775 378 824 mores
398 753 649 845 ingeniumque
671 742 989 847 depingeret'Non
1009 763 1078 824 tam
1099 757 1213 847 qualis
1228 756 1274 827 sit

264 879 339 972 ipsa
354 879 544 972 Lysistrata
564 899 670 970 quam
690 878 777 970 quid
792 878 981 968 defendat,
1000 880 1086 972 quid
1102 881 1270 974 requirat,

263 1004 350 1096 quid
370 1004 472 1092 velit,
490 1013 593 1096 poeta
604 1004 716 1074 voluit
736 1003 836 1073 nobis
852 1004 1051 1075 ostendere.
1064 1006 1136 1076 Hoc
1151 1007 1270 1097 etiam,

263 1129 427 1221 quoniam
462 1129 697 1222 Strepsiadem
731 1129 1024 1221 memoravimus,
1051 1131 1183 1202 addere
1204 1153 1273 1202 non

265 1255 331 1326 erit
355 1277 681 1348 supervacaneum,
715 1256 917 1349 Lysistratae
945 1278 1151 1349 personam,
1179 1258 1275 1351 quod

265 1381 408 1474 quidem
429 1381 594 1450 seminam
615 1381 737 1469 decet,
753 1380 868 1451 minus
878 1391 973 1451 certo
989 1382 1105 1452 forsan
1124 1404 1165 1452 ac
1179 1392 1275 1453 recto

229 1484 231 1488 ’
265 1528 454 1600 progressu
488 1528 566 1577 sese
599 1507 777 1600 explicare
805 1528 909 1599 quam
937 1508 1187 1601 Strepsiadem.
1215 1509 1276 1580 His

265 1652 351 1702 vero
372 1631 487 1718 dictis,
510 1631 627 1700 statim
639 1633 711 1722 Jam
732 1632 934 1702 meminisse
955 1632 1124 1703 debemus
1145 1633 1276 1704 delica-

266 1756 435 1827 tissimam
455 1756 558 1826 simul
579 1766 613 1826 et
640 1756 863 1827 fortissimam
883 1758 1040 1828 mulieris
1060 1769 1220 1828 naturam
1241 1759 1278 1828 in

266 1882 463 1952 admirabili
493 1882 550 1951 illa
572 1882 761 1976 Lysistrata
788 1882 1058 1976 Aristophanem
1080 1883 1274 1955 effinxisse.

315 2008 357 2076 Et
383 2009 529 2078 seminas
549 2008 692 2100 quidem
717 2009 885 2101 plurimas
906 2008 940 2076 in
971 2030 1112 2078 scenam
1133 2009 1275 2079 induxit

267 2131 532 2226 Aristophanes
562 2155 711 2224 quarum
744 2132 838 2202 nulia
867 2133 939 2202 fere
959 2155 1029 2203 non
1059 2133 1193 2226 aliquid
1214 2156 1278 2204 ve-

267 2269 409 2329 nustum
429 2259 536 2330 habet
554 2281 594 2329 ac
613 2259 894 2329 blandissimum.
918 2259 1010 2341 Quid
1030 2281 1222 2330 memorem
1242 2263 1279 2329 in

268 2387 420 2454 Caecinae
445 2387 638 2476 facinorum
670 2385 903 2475 Praxagoram
930 2383 1037 2473 illam,
1065 2384 1212 2455 audacia
1233 2385 1280 2454 si·

268 2509 341 2578 mul
379 2518 413 2578 et
446 2509 602 2600 ingenie,
643 2519 678 2579 et
713 2517 909 2595 venustate,
931 2509 1170 2603 conspicuam,
1199 2530 1280 2600 quae

268 2635 468 2728 Lysistratae
482 2656 591 2728 prope
610 2634 734 2708 similis
750 2635 813 2722 sit,
832 2634 899 2704 nisi
915 2634 1001 2727 quid
1020 2635 1056 2704 in
1072 2635 1281 2707 inventione

269 2760 415 2829 haberet
435 2760 540 2829 etiam
563 2759 720 2830 vividius
740 2759 1010 2852 audaciusque?
1033 2759 1075 2829 Et
1093 2759 1172 2830 aliae
1191 2783 1280 2830 non·
1375 2844 1379 2848 .

270 2886 376 2956 nullae
396 2894 477 2954 sunt
496 2885 554 2955 vel
578 2884 614 2952 in
642 2885 976 2976 Thesmophoriozusis
992 2885 1049 2955 vel
1069 2884 1105 2952 in
1122 2885 1197 2978 ipsa
1217 2887 1282 2978 Ly·

269 3013 409 3081 eutrotoe
417 3011 590 3081 comoedia
602 3031 752 3102 quarum
763 3009 905 3102 quidem
917 3010 1173 3100 jucundissima
1190 3033 1284 3081 men-

271 3136 319 3206 tio
339 3134 415 3205 fieri
435 3144 569 3229 potest:
595 3135 790 3226 quidecim
810 3133 1016 3204 Atheniensi
1031 3134 1212 3228 Myrrhina
1222 3145 1284 3204 aut

271 3263 440 3355 Spartana
469 3260 627 3353 Lampito
649 3254 963 3352 pulchrius‘r'Jam
988 3281 1086 3346 vero,
1114 3259 1192 3351 quis
1212 3281 1283 3330 non

271 3388 376 3459 attica
395 3407 564 3480 responsa
584 3385 762 3456 Calonices
779 3385 1067 3478 exquisitumque
1083 3386 1192 3456 salem
1209 3407 1283 3455 me-

273 3514 375 3583 minit
389 3517 406 3581 ‘i
422 3513 536 3595 Quum
552 3534 639 3583 vero
654 3513 699 3609 de
712 3512 768 3581 his
779 3511 943 3581 omnibus
952 3511 1125 3581 disserere
1141 3511 1284 3602 longum

222 3677 226 3686 «
273 3640 335 3728 sit,
362 3620 480 3731 neque
508 3638 664 3709 omnium
699 3658 842 3731 prorsus
873 3635 1011 3706 illarum
1033 3635 1174 3726 ingenia
1205 3657 1285 3705 cum

275 3765 349 3858 pari
366 3786 449 3834 eura
467 3765 595 3834 suerint
609 3785 630 3833 a
644 3773 746 3857 poeta
763 3761 948 3856 explicata,
968 3783 1010 3832 eo
1025 3760 1190 3831 libentius
1210 3761 1285 3831 sola

213 3973 215 3977 ¹
273 3889 462 3984 Lysistrata
488 3888 743 3975 consideranda
769 3885 923 3957 contenti
949 3885 1080 3956 erimus
1105 3885 1199 3978 quod
1226 3885 1283 3955 illa

274 4036 412 4086 sorores
438 4034 573 4102 omues,
612 4022 650 4082 ut
674 4013 721 4082 ita
742 4012 870 4101 dicam,
894 4020 965 4082 toto
988 4010 1120 4082 vertice
1139 4033 1283 4104 supere·
