2904 4824
656 347 798 401 ..⁴2-

221 470 437 570 Hic(l)‘ipsa
451 473 686 566 sophistarum
704 475 932 546 deliramenta
949 476 1183 569 explicantur,
1196 485 1246 548 et·

222 621 301 692 quae
321 599 403 670 inde
425 600 533 687 mala,
557 599 587 670 si
617 600 744 671 talibus
765 601 871 691 vulgo
892 601 994 692 nugis
1010 601 1170 672 homines
1188 601 1225 670 in

220 725 424 818 quotidiano
445 726 528 796 vitae
543 748 609 797 usu
625 726 849 815 ducerentur,
866 736 984 798 essent
998 737 1227 821 proventura,

110 934 114 939 Ι
223 850 386 943 disquirit
404 849 669 953 Aristophanes.
691 852 762 922 Illic
786 849 842 947 (2)
864 852 1100 946 disputatione
1121 875 1230 947 prope

221 975 449 1064 scholastica,
476 999 591 1069 neque
616 952 696 1048 ideo
725 987 839 1047 tamen
865 978 981 1048 minus
1008 977 1145 1070 lepida,
1167 978 1229 1047 Es-

221 1101 314 1195 chyli
347 1102 554 1172 excellentia
585 1103 822 1174 confirmatur.
850 1102 944 1173 Alibi
982 1099 1038 1198 (3)
1070 1103 1229 1173 ridiculis

221 1227 417 1297 ostenditur
436 1229 607 1322 exemplis
626 1230 824 1324 Euripideae
840 1229 933 1299 illius
948 1228 1146 1311 calliditatis
1166 1249 1228 1298 va-

221 1353 325 1441 nitas,
344 1375 413 1446 qua
428 1356 517 1425 solet
533 1355 567 1424 in
580 1355 758 1446 tragoediis
768 1377 934 1449 personas
951 1375 1046 1442 suas,
1064 1354 1228 1424 maximis

219 1478 474 1550 circumventas
494 1481 670 1574 periculis,
692 1480 834 1551 mirifice
854 1480 1034 1575 expedire.
1057 1480 1149 1562 Quid
1171 1502 1227 1550 re-

221 1604 329 1673 feram
353 1614 413 1674 aut
432 1605 605 1697 depictam
626 1607 720 1676 illam
741 1607 775 1675 in
794 1607 918 1677 Avidus
943 1606 1141 1693 civitatem,
1166 1616 1229 1674 aut

221 1739 394 1798 narratam
416 1729 451 1797 iu
473 1732 580 1822 Vespt's
599 1731 855 1816 Philoclecnis,
888 1731 923 1799 in
945 1731 1115 1821 Epulatus
1141 1751 1227 1801 vero

220 1855 332 1941 Demi,
355 1855 529 1925 miseriam
550 1857 680 1950 primo,
703 1878 743 1926 ac
763 1856 904 1945 deiude,
923 1856 1058 1929 Cleonis
1079 1856 1227 1948 imperio

221 1979 361 2049 tandem
381 1981 523 2070 rejecto,
547 1982 734 2073 perlectam
752 1981 975 2051 felicitatem?
993 1982 1030 2049 ln
1050 1982 1146 2050 Pluto
1162 1980 1225 2050 de-

220 2105 327 2196 nique
346 2115 381 2175 et
399 2105 434 2173 in
452 2108 672 2175 Feminarum
686 2110 851 2195 concione,
874 2107 1031 2200 repetitis
1053 2106 1226 2198 exemplis

220 2230 372 2324 explicat
399 2230 651 2325 Aristophanes
678 2255 759 2325 quac
789 2232 881 2303 bona
915 2233 1052 2302 malave
1086 2230 1144 2300 vel
1179 2252 1226 2300 ex
1321 2284 1323 2288 -

218 2358 359 2428 mutatis
379 2358 514 2448 legibus
534 2358 590 2429 vel
611 2379 656 2427 ex
675 2358 808 2428 divitiis
827 2357 928 2428 aliter
948 2357 1038 2426 inter
1057 2350 1222 2427 homines
1345 2437 1350 2445 ,

219 2482 415 2553 distributis
435 2481 565 2551 oritura
581 2482 664 2551 siut.

267 2606 373 2677 Aliud
396 2629 481 2677 vero
501 2606 677 2698 quoddam
703 2607 869 2698 estquod
901 2606 936 2674 in
964 2606 1127 2676 omnibus
1153 2607 1226 2707 iere

219 2731 463 2825 Aristophanis
496 2730 678 2801 comoediis
709 2731 909 2818 iuvenitur,
937 2741 971 2801 et
1000 2731 1144 2801 maximi
1181 2730 1226 2801 ad

218 2856 549 2928 demonstrationem
571 2855 821 2925 instituendam
848 2856 1017 2926 momenti
1042 2866 1107 2926 est.
1131 2856 1242 2944 θωὴ-χ

217 3004 297 3052 nam
317 2982 411 3052 illam
427 3003 619 3097 nempe
567 2981 713 3081 dico,t
678 2991 713 3051 et
713 2981 971 3100 amplitudine,
982 2991 1018 3095 et
1016 2983 1131 3081 gravi
1135 2991 1223 3089 tate,
1335 3040 1340 3048 .

217 3110 386 3180 et'loco
378 3132 413 3178 1n
433 3086 609 3227 plerisque
629 3074 696 3178 illis
716 3088 899 3178 comoediis
920 3089 1153 3201 praecipuam,
1186 3108 1235 3205 iu

217 3216 286 3328 qua
311 3236 390 3305 duae
410 3254 569 3337 personae
596 3233 640 3303 de
661 3233 755 3302 hoc
747 3255 823 3326 rpso
844 3233 1025 3326 disputant
1043 3234 1139 3325 quod
1163 3257 1226 3327 per

218 3368 340 3430 totam
362 3359 568 3473 comoediam
599 3358 799 3450 ambigitur.
822 3359 872 3428 Ne
883 3359 1225 3450 omnesejusmodi

217 3485 374 3577 dialogos
389 3488 593 3595 memorem,
613 3484 691 3576 quis
711 3505 781 3554 non
800 3483 930 3554 habet
922 3507 957 3553 ru
978 3484 1095 3555 auimo
1111 3484 1169 3555 vel
1190 3485 1227 3554 il-

255 3820 291 3888 (l)
308 3819 341 3872 In
356 3821 488 3873 Nubibus

255 3918 292 3988 (2)
309 3917 342 3971 In
358 3920 450 3973 Bonis.

257 4015 293 4085 (3)
309 4015 342 4068 lu
360 4015 512 4085 Thesmoph.
