2904 4824
643 360 798 417 ’41-

222 502 295 566 que,
322 499 401 563 quos
429 482 580 544 Horatius
608 499 674 544 uno
695 483 871 564 eodemque
896 503 990 548 versu
1011 505 1086 550 cum
1108 490 1237 556 Aristo·

220 591 327 672 phane
340 589 535 666 nominavit,
549 589 695 652 eamdem
710 591 823 654 iniisse
838 592 924 655 viam
933 611 1030 674 quam
1046 605 1173 660 secutus
1185 606 1237 662 est

221 698 465 778 Aristophanes,
475 698 518 759 ita
530 697 629 777 utqui
643 697 731 759 hunc
744 697 916 777 perlegerit
928 709 1023 782 atque
1037 688 1237 768 intellexerit

221 823 287 870 non
317 805 480 867 immerito
508 803 625 866 veteris
656 804 818 867 comoediae
842 806 1013 885 ingenium
1035 810 1237 874 intellexisse

221 914 379 976 videatur.
404 913 501 975 Nunc
524 929 600 976 vero
620 913 649 974 si
671 913 745 993 quis
768 913 944 993 interroget
966 935 1023 978 cur
1047 926 1238 982 caeterorum

184 1047 189 1059 ·
222 1039 349 1103 quoque
380 1021 562 1099 fragmenta
585 1025 651 1082 non
672 1020 952 1101 perlustraverim,
979 1024 1066 1086 idem
1087 1027 1153 1088 iere
1168 1045 1240 1089 res-

220 1127 366 1208 pondebo
387 1126 471 1206 quod
495 1126 533 1189 Ο.
556 1125 726 1187 Msrllerius
740 1126 776 1187 in
800 1126 1040 1206 elegantissima
1059 1148 1239 1209 graecorum

222 1236 414 1316 scriptorum
431 1234 565 1296 historia
579 1234 674 1311 dixit,
697 1235 894 1298 comicorum
911 1254 1029 1317 nempe
1043 1238 1236 1317 fragmenta,

220 1342 279 1405 etsi
303 1328 560 1423 plurimum'illi
589 1341 759 1403 conferant
778 1343 839 1422 qui
866 1342 1000 1422 antiqua
1021 1342 1078 1404 illa
1096 1352 1241 1424 tempora

218 1450 427 1530 ipsorumque
449 1455 616 1527 poetarum
642 1449 742 1510 vitam
775 1450 905 1529 penitus
936 1451 1065 1512 novisse
1091 1451 1235 1528 studeat,

219 1573 334 1637 parum
350 1564 457 1617 tamen
470 1554 520 1615 illi
536 1555 683 1616 conferre
701 1557 757 1634 qui
767 1555 898 1617 illorum
916 1565 1017 1618 artem
1033 1559 1238 1637 potissimum

219 1664 342 1726 intueri
360 1663 448 1725 velit.
469 1663 564 1725 Unde
584 1665 704 1724 lactum
722 1671 769 1724 est
787 1671 838 1740 ut,
865 1663 931 1726 illis
957 1683 1054 1746 prope
1069 1665 1235 1744 neglectis,

221 1773 259 1833 ad
278 1771 335 1833 illa
347 1771 452 1852 potius
469 1771 669 1832 observanda
686 1789 738 1832 me
752 1772 967 1834 converterim
986 1792 1057 1853 quae
1072 1774 1112 1835 ab
1129 1773 1235 1836 11011-

221 1884 405 1947 lentissimo
434 1883 550 1945 veteris
582 1883 744 1965 comoediae
776 1891 867 1963 poeta
896 1885 1075 1964 conscripta
1106 1894 1236 1949 suntet

220 2008 313 2072 poene
335 1991 462 2067 integra
483 1989 523 2050 ad
539 2006 598 2050 nos
615 1974 847 2067 pervenerunt,
866 2007 926 2052 nec
941 1998 1048 2052 tamen
1067 1992 1233 2055 interdum

220 2095 493 2179 veterisflcomoediae
522 2113 643 2158 nomen
663 2096 802 2157 scribere
819 2096 1033 2158 dubitaverim
1051 2098 1232 2160 1111111110-

216 2207 368 2285 pboaeorn
387 2204 591 2284 potissimum
609 2205 762 2266 haberem
775 2206 811 2265 in
829 2204 950 2267 auimo.

652 2493 737 2557 Nor.
763 2493 800 2555 B.

259 2726 325 2790 Cur
333 2724 559 2806 Aristophanis
573 2726 886 2806 fragmentisparum
897 2743 975 2788 usus
989 2726 1107 2789 11111111
1118 2730 1231 2791 eadem

219 2837 299 2898 ratio
323 2836 383 2897 suit
406 2853 477 2914 quar
502 2852 554 2896 me
577 2835 617 2897 ab
639 2835 825 2897 evolvendis
847 2835 970 2896 Cratini
1000 2836 1231 2915 Eupolidisque

218 2943 365 3022 reliquiis
381 2943 551 3020 deterruit,
577 2959 693 3022 nempe
714 2942 800 3022 quod
816 2943 868 3004 vix
891 2943 926 3004 in
952 2943 1003 3003 his
1019 2944 1097 3023 ipsis
1113 2943 1229 3006 fabulae

217 3057 446 3128 argumentum
472 3048 611 3126 intelligi
627 3053 747 3128 potest,
770 3049 891 3112 nedum
911 3067 1056 3128 personae
1073 3051 1229 3130 cujusque

217 3174 322 3219 mores
334 3164 365 3219 et
382 3156 553 3234 ingenium
569 3155 812 3236 perspiciantur.
833 3155 925 3230 Quod
939 3157 967 3217 si
987 3164 1093 3217 tamen
1110 3158 1228 3236 anqui-

217 3282 287 3326 rere
301 3263 432 3326 libuerit
453 3270 561 3325 utrum
572 3280 674 3340 necne
686 3263 723 3324 in
738 3263 804 3325 illis
818 3263 1070 3344 quoquefabulis
1085 3263 1229 3342 aliquam

217 3370 524 3433 demonstrationem
535 3370 666 3451 exsequi
681 3368 817 3432 voluerit
826 3370 1068 3450 Aristophanes,
1081 3371 1228 3433 eamdem

217 3494 347 3556 prorsus
364 3485 396 3539 et
410 3477 445 3538 in
464 3477 530 3538 illis
545 3477 677 3557 perditis
693 3477 774 3538 etin
790 3477 941 3539 undecim
959 3477 1095 3556 hisquae
1113 3496 1227 3557 super-

217 3593 293 3647 sunt
322 3584 446 3665 aliquid
478 3586 720 3647 demonstrandi
746 3585 904 3645 rationem
931 3585 1089 3647 exstitisse
1117 3585 1229 3665 procul

216 3692 315 3754 dubio
337 3693 430 3755 nobis
454 3692 635 3773 apparebit,
665 3693 733 3754 sive
755 3695 911 3768 Δαιταλεῖς,
938 3701 969 3755 et
986 3693 1179 3769 Βαὸυλωνίους,
1196 3700 1229 3756 et

215 3799 295 3860 alias
315 3799 388 3861 illas
413 3799 583 3862 comoedias
608 3799 885 3862 considerabimus
913 3800 952 3862 de
975 3818 1112 3881 quarum
1130 3780 1243 3878 argu-¹

216 3913 326 3968 mento
353 3923 509 3987 perpauca
533 3906 624 3967 nohis
648 3906 849 3967 tradiderunt
871 3913 994 3969 veteres
1011 3906 1225 3986 grammatici,

218 4033 275 4077 seu
309 4021 419 4077 contra
449 4011 695 4075 celeberrimum
724 4011 820 4074 illum
847 4011 975 4106 lidxoioo
998 4014 1224 4095 respiciemus,
