<?xml version="1.0" encoding="UTF-8"?>
<!DOCTYPE html PUBLIC "-//W3C//DTD XHTML 1.0 Transitional//EN"
    "http://www.w3.org/TR/xhtml1/DTD/xhtml1-transitional.dtd">
<html xmlns="http://www.w3.org/1999/xhtml" xml:lang="en" lang="en">
 <head>
  <title>
</title>
<meta http-equiv="Content-Type" content="text/html;charset=utf-8" />
  <meta name='ocr-system' content='tesseract 3.04.00' />
  <meta name='ocr-capabilities' content='ocr_page ocr_carea ocr_par ocr_line ocrx_word'/>
</head>
<body>
  <div class='ocr_page' id='page_1' title='image "./depersonisapuda00croigoog_0061.png"; bbox 0 0 2904 4824; ppageno 0'>
   <div class='ocr_carea' id='block_1_1' title="bbox 586 1008 967 1095">
    <p class='ocr_par' dir='ltr' id='par_1_1' title="bbox 586 1008 967 1095">
     <span class='ocr_line' id='line_1_1' title="bbox 586 1008 967 1095; baseline -0.003 -12"><span class='ocrx_word' id='word_1_1' title='bbox 586 1009 722 1083; x_wconf 83' lang='lat' dir='ltr'><strong>CAPUT</strong></span> <span class='ocrx_word' id='word_1_2' title='bbox 747 1008 967 1095; x_wconf 84' lang='lat' dir='ltr'><strong>QUARTUM.</strong></span> 
     </span>
    </p>
   </div>
   <div class='ocr_carea' id='block_1_2' title="bbox 456 1312 1104 1381">
    <p class='ocr_par' dir='ltr' id='par_1_2' title="bbox 456 1312 1104 1381">
     <span class='ocr_line' id='line_1_2' title="bbox 456 1312 1104 1381; baseline -0.005 -17"><span class='ocrx_word' id='word_1_3' title='bbox 456 1315 499 1364; x_wconf 87' lang='lat' dir='ltr'>DE</span> <span class='ocrx_word' id='word_1_4' title='bbox 518 1312 770 1381; x_wconf 59' lang='lat' dir='ltr'>Parmenonis,</span> <span class='ocrx_word' id='word_1_5' title='bbox 797 1312 890 1363; x_wconf 88' lang='lat' dir='ltr'>DEMO</span> <span class='ocrx_word' id='word_1_6' title='bbox 910 1313 949 1362; x_wconf 88' lang='lat' dir='ltr'>ET</span> <span class='ocrx_word' id='word_1_7' title='bbox 965 1312 1104 1364; x_wconf 81' lang='lat' dir='ltr'><strong>GLEONE.</strong></span> 
     </span>
    </p>
   </div>
   <div class='ocr_carea' id='block_1_3' title="bbox 138 1608 1326 4077">
    <p class='ocr_par' dir='ltr' id='par_1_3' title="bbox 274 1608 1326 1828">
     <span class='ocr_line' id='line_1_3' title="bbox 323 1608 1326 1706; baseline 0.002 -26"><span class='ocrx_word' id='word_1_8' title='bbox 323 1611 406 1682; x_wconf 89' lang='lat' dir='ltr'>Tres</span> <span class='ocrx_word' id='word_1_9' title='bbox 426 1611 527 1682; x_wconf 86' lang='lat' dir='ltr'>nobis</span> <span class='ocrx_word' id='word_1_10' title='bbox 547 1631 707 1704; x_wconf 90' lang='lat' dir='ltr'>personae</span> <span class='ocrx_word' id='word_1_11' title='bbox 731 1608 1000 1681; x_wconf 76' lang='lat' dir='ltr'>considerandae</span> <span class='ocrx_word' id='word_1_12' title='bbox 1028 1611 1147 1683; x_wconf 87' lang='lat' dir='ltr'>adhue</span> <span class='ocrx_word' id='word_1_13' title='bbox 1167 1609 1291 1706; x_wconf 91' lang='lat' dir='ltr'>super·</span> <span class='ocrx_word' id='word_1_14' title='bbox 1322 1633 1326 1640; x_wconf 92' lang='lat'>·</span> 
     </span>
     <span class='ocr_line' id='line_1_4' title="bbox 274 1734 1182 1828; baseline -0.003 -20"><span class='ocrx_word' id='word_1_15' title='bbox 274 1747 373 1826; x_wconf 85' lang='lat' dir='ltr'>sunt,</span> <span class='ocrx_word' id='word_1_16' title='bbox 395 1736 595 1807; x_wconf 85' lang='lat' dir='ltr'>Philocleon</span> <span class='ocrx_word' id='word_1_17' title='bbox 614 1757 762 1828; x_wconf 83' lang='lat' dir='ltr'>nempe,</span> <span class='ocrx_word' id='word_1_18' title='bbox 785 1743 820 1804; x_wconf 93' lang='lat' dir='ltr'>et</span> <span class='ocrx_word' id='word_1_19' title='bbox 838 1734 987 1822; x_wconf 82' lang='lat' dir='ltr'>Demus,</span> <span class='ocrx_word' id='word_1_20' title='bbox 1010 1745 1046 1805; x_wconf 92' lang='lat' dir='ltr'>et</span> <span class='ocrx_word' id='word_1_21' title='bbox 1064 1735 1182 1807; x_wconf 88' lang='lat' dir='ltr'>Cleon.</span> 
     </span>
    </p>

    <p class='ocr_par' dir='ltr' id='par_1_4' title="bbox 270 1858 1288 2080">
     <span class='ocr_line' id='line_1_5' title="bbox 322 1858 1288 1954; baseline -0.002 -22"><span class='ocrx_word' id='word_1_22' title='bbox 322 1861 451 1932; x_wconf 89' lang='lat' dir='ltr'>Eadem</span> <span class='ocrx_word' id='word_1_23' title='bbox 472 1862 507 1931; x_wconf 92' lang='lat' dir='ltr'>in</span> <span class='ocrx_word' id='word_1_24' title='bbox 532 1860 600 1930; x_wconf 92' lang='lat' dir='ltr'>illis</span> <span class='ocrx_word' id='word_1_25' title='bbox 622 1858 854 1954; x_wconf 81' lang='lat' dir='ltr'>depingendis</span> <span class='ocrx_word' id='word_1_26' title='bbox 873 1868 909 1930; x_wconf 93' lang='lat' dir='ltr'>et</span> <span class='ocrx_word' id='word_1_27' title='bbox 930 1860 1082 1930; x_wconf 89' lang='lat' dir='ltr'>varietas</span> <span class='ocrx_word' id='word_1_28' title='bbox 1102 1871 1137 1931; x_wconf 92' lang='lat' dir='ltr'>et</span> <span class='ocrx_word' id='word_1_29' title='bbox 1162 1861 1288 1931; x_wconf 87' lang='lat' dir='ltr'>simili-</span> 
     </span>
     <span class='ocr_line' id='line_1_6' title="bbox 270 1983 1287 2080; baseline -0.002 -23"><span class='ocrx_word' id='word_1_30' title='bbox 270 1987 360 2057; x_wconf 88' lang='lat' dir='ltr'>tudo</span> <span class='ocrx_word' id='word_1_31' title='bbox 380 1986 456 2057; x_wconf 86' lang='lat' dir='ltr'>veri</span> <span class='ocrx_word' id='word_1_32' title='bbox 477 2007 586 2080; x_wconf 85' lang='lat' dir='ltr'>prope</span> <span class='ocrx_word' id='word_1_33' title='bbox 605 1984 766 2055; x_wconf 85' lang='lat' dir='ltr'>absoluta</span> <span class='ocrx_word' id='word_1_34' title='bbox 782 1983 974 2072; x_wconf 87' lang='lat' dir='ltr'>invenitur,</span> <span class='ocrx_word' id='word_1_35' title='bbox 994 2006 1099 2077; x_wconf 89' lang='lat' dir='ltr'>quam</span> <span class='ocrx_word' id='word_1_36' title='bbox 1120 2008 1234 2080; x_wconf 89' lang='lat' dir='ltr'>nuper</span> <span class='ocrx_word' id='word_1_37' title='bbox 1252 1987 1287 2056; x_wconf 95' lang='lat' dir='ltr'>in</span> 
     </span>
    </p>

    <p class='ocr_par' dir='ltr' id='par_1_5' title="bbox 228 2108 1286 2827">
     <span class='ocr_line' id='line_1_7' title="bbox 228 2108 1286 2204; baseline 0.002 -24"><span class='ocrx_word' id='word_1_38' title='bbox 228 2147 230 2150; x_wconf 41' lang='lat'><strong>⁴</strong></span> <span class='ocrx_word' id='word_1_39' title='bbox 273 2110 474 2204; x_wconf 87' lang='lat' dir='ltr'>Strepsiade</span> <span class='ocrx_word' id='word_1_40' title='bbox 502 2119 537 2180; x_wconf 90' lang='lat' dir='ltr'>et</span> <span class='ocrx_word' id='word_1_41' title='bbox 569 2109 759 2203; x_wconf 79' lang='lat' dir='ltr'>Lysistrata</span> <span class='ocrx_word' id='word_1_42' title='bbox 778 2108 991 2179; x_wconf 82' lang='lat' dir='ltr'>notavimus.</span> <span class='ocrx_word' id='word_1_43' title='bbox 1024 2109 1059 2178; x_wconf 92' lang='lat' dir='ltr'>Si</span> <span class='ocrx_word' id='word_1_44' title='bbox 1087 2132 1173 2181; x_wconf 87' lang='lat' dir='ltr'>vero</span> <span class='ocrx_word' id='word_1_45' title='bbox 1189 2111 1286 2201; x_wconf 90' lang='lat' dir='ltr'>judi-</span> 
     </span>
     <span class='ocr_line' id='line_1_8' title="bbox 273 2235 1285 2329; baseline 0 -22"><span class='ocrx_word' id='word_1_46' title='bbox 273 2259 353 2308; x_wconf 91' lang='lat' dir='ltr'>oare</span> <span class='ocrx_word' id='word_1_47' title='bbox 387 2237 489 2307; x_wconf 90' lang='lat' dir='ltr'>deoet</span> <span class='ocrx_word' id='word_1_48' title='bbox 522 2237 591 2305; x_wconf 92' lang='lat' dir='ltr'>utri</span> <span class='ocrx_word' id='word_1_49' title='bbox 626 2236 737 2326; x_wconf 81' lang='lat' dir='ltr'>magis</span> <span class='ocrx_word' id='word_1_50' title='bbox 771 2235 974 2324; x_wconf 88' lang='lat' dir='ltr'>emineant,</span> <span class='ocrx_word' id='word_1_51' title='bbox 1012 2258 1084 2306; x_wconf 94' lang='lat' dir='ltr'>non</span> <span class='ocrx_word' id='word_1_52' title='bbox 1119 2236 1285 2329; x_wconf 89' lang='lat' dir='ltr'>equidem</span> 
     </span>
     <span class='ocr_line' id='line_1_9' title="bbox 273 2359 1286 2452; baseline -0.001 -20"><span class='ocrx_word' id='word_1_53' title='bbox 273 2360 448 2432; x_wconf 82' lang='lat' dir='ltr'>affirmare</span> <span class='ocrx_word' id='word_1_54' title='bbox 469 2359 704 2441; x_wconf 76' lang='lat' dir='ltr'>dubitaverim</span> <span class='ocrx_word' id='word_1_55' title='bbox 731 2359 865 2452; x_wconf 92' lang='lat' dir='ltr'>aliquid</span> <span class='ocrx_word' id='word_1_56' title='bbox 888 2360 992 2430; x_wconf 89' lang='lat' dir='ltr'>etiam</span> <span class='ocrx_word' id='word_1_57' title='bbox 1012 2361 1125 2450; x_wconf 87' lang='lat' dir='ltr'>majus</span> <span class='ocrx_word' id='word_1_58' title='bbox 1145 2370 1183 2430; x_wconf 92' lang='lat' dir='ltr'>et</span> <span class='ocrx_word' id='word_1_59' title='bbox 1202 2360 1286 2431; x_wconf 91' lang='lat' dir='ltr'>insi-</span> 
     </span>
     <span class='ocr_line' id='line_1_10' title="bbox 274 2483 1286 2577; baseline 0.001 -22"><span class='ocrx_word' id='word_1_60' title='bbox 274 2486 377 2577; x_wconf 80' lang='lat' dir='ltr'>gnius</span> <span class='ocrx_word' id='word_1_61' title='bbox 393 2486 428 2555; x_wconf 93' lang='lat' dir='ltr'>in</span> <span class='ocrx_word' id='word_1_62' title='bbox 445 2485 556 2554; x_wconf 90' lang='lat' dir='ltr'>tribus</span> <span class='ocrx_word' id='word_1_63' title='bbox 577 2483 632 2554; x_wconf 90' lang='lat' dir='ltr'>his</span> <span class='ocrx_word' id='word_1_64' title='bbox 652 2484 812 2577; x_wconf 91' lang='lat' dir='ltr'>personis</span> <span class='ocrx_word' id='word_1_65' title='bbox 829 2485 946 2555; x_wconf 89' lang='lat' dir='ltr'>inesse</span> <span class='ocrx_word' id='word_1_66' title='bbox 965 2507 1071 2576; x_wconf 91' lang='lat' dir='ltr'>quam</span> <span class='ocrx_word' id='word_1_67' title='bbox 1092 2485 1126 2554; x_wconf 94' lang='lat' dir='ltr'>in</span> <span class='ocrx_word' id='word_1_68' title='bbox 1147 2485 1286 2556; x_wconf 89' lang='lat' dir='ltr'>duabus</span> 
     </span>
     <span class='ocr_line' id='line_1_11' title="bbox 274 2608 1285 2703; baseline 0.002 -24"><span class='ocrx_word' id='word_1_69' title='bbox 274 2610 461 2703; x_wconf 91' lang='lat' dir='ltr'>prioribus.</span> <span class='ocrx_word' id='word_1_70' title='bbox 485 2608 576 2692; x_wconf 88' lang='lat' dir='ltr'>Quid</span> <span class='ocrx_word' id='word_1_71' title='bbox 601 2609 707 2701; x_wconf 84' lang='lat' dir='ltr'>igitur</span> <span class='ocrx_word' id='word_1_72' title='bbox 727 2609 814 2679; x_wconf 90' lang='lat' dir='ltr'>illud</span> <span class='ocrx_word' id='word_1_73' title='bbox 837 2620 891 2680; x_wconf 91' lang='lat' dir='ltr'>est</span> <span class='ocrx_word' id='word_1_74' title='bbox 913 2631 984 2702; x_wconf 93' lang='lat' dir='ltr'>quo</span> <span class='ocrx_word' id='word_1_75' title='bbox 1011 2630 1032 2679; x_wconf 89' lang='lat' dir='ltr'>a</span> <span class='ocrx_word' id='word_1_76' title='bbox 1052 2610 1189 2681; x_wconf 86' lang='lat' dir='ltr'>caeteris</span> <span class='ocrx_word' id='word_1_77' title='bbox 1212 2610 1285 2681; x_wconf 90' lang='lat' dir='ltr'>dis·</span> 
     </span>
     <span class='ocr_line' id='line_1_12' title="bbox 275 2735 506 2827; baseline -0.009 -23"><span class='ocrx_word' id='word_1_78' title='bbox 275 2735 506 2827; x_wconf 73' lang='lat' dir='ltr'>tinguuntur?</span> 
     </span>
    </p>

    <p class='ocr_par' dir='ltr' id='par_1_6' title="bbox 272 2859 1286 3203">
     <span class='ocr_line' id='line_1_13' title="bbox 322 2859 1286 2952; baseline 0.004 -24"><span class='ocrx_word' id='word_1_79' title='bbox 322 2861 395 2930; x_wconf 87' lang='lat' dir='ltr'>Hae</span> <span class='ocrx_word' id='word_1_80' title='bbox 409 2881 537 2952; x_wconf 86' lang='lat' dir='ltr'>nempe</span> <span class='ocrx_word' id='word_1_81' title='bbox 551 2881 590 2929; x_wconf 92' lang='lat' dir='ltr'>re</span> <span class='ocrx_word' id='word_1_82' title='bbox 604 2859 755 2952; x_wconf 90' lang='lat' dir='ltr'>primum</span> <span class='ocrx_word' id='word_1_83' title='bbox 772 2859 939 2929; x_wconf 86' lang='lat' dir='ltr'>differunt</span> <span class='ocrx_word' id='word_1_84' title='bbox 955 2861 1052 2952; x_wconf 93' lang='lat' dir='ltr'>quod</span> <span class='ocrx_word' id='word_1_85' title='bbox 1063 2860 1099 2930; x_wconf 98' lang='lat' dir='ltr'>in</span> <span class='ocrx_word' id='word_1_86' title='bbox 1111 2861 1286 2932; x_wconf 82' lang='lat' dir='ltr'>comoedia</span> 
     </span>
     <span class='ocr_line' id='line_1_14' title="bbox 272 2983 1285 3078; baseline 0.003 -25"><span class='ocrx_word' id='word_1_87' title='bbox 272 2985 388 3056; x_wconf 89' lang='lat' dir='ltr'>locum</span> <span class='ocrx_word' id='word_1_88' title='bbox 408 2983 596 3076; x_wconf 89' lang='lat' dir='ltr'>quemdam</span> <span class='ocrx_word' id='word_1_89' title='bbox 617 2984 776 3055; x_wconf 78' lang='lat' dir='ltr'>obtinent</span> <span class='ocrx_word' id='word_1_90' title='bbox 795 2984 884 3054; x_wconf 93' lang='lat' dir='ltr'>adeo</span> <span class='ocrx_word' id='word_1_91' title='bbox 909 2985 1150 3078; x_wconf 87' lang='lat' dir='ltr'>praecipuum,</span> <span class='ocrx_word' id='word_1_92' title='bbox 1174 2994 1285 3056; x_wconf 84' lang='lat' dir='ltr'>utto·</span> 
     </span>
     <span class='ocr_line' id='line_1_15' title="bbox 273 3108 1285 3203; baseline 0 -24"><span class='ocrx_word' id='word_1_93' title='bbox 273 3119 346 3179; x_wconf 91' lang='lat' dir='ltr'>tum</span> <span class='ocrx_word' id='word_1_94' title='bbox 365 3111 437 3180; x_wconf 88' lang='lat' dir='ltr'>fere</span> <span class='ocrx_word' id='word_1_95' title='bbox 452 3131 539 3203; x_wconf 89' lang='lat' dir='ltr'>opus</span> <span class='ocrx_word' id='word_1_96' title='bbox 557 3110 593 3178; x_wconf 95' lang='lat' dir='ltr'>in</span> <span class='ocrx_word' id='word_1_97' title='bbox 607 3109 661 3178; x_wconf 91' lang='lat' dir='ltr'>his</span> <span class='ocrx_word' id='word_1_98' title='bbox 681 3109 782 3200; x_wconf 89' lang='lat' dir='ltr'>quasi</span> <span class='ocrx_word' id='word_1_99' title='bbox 803 3108 986 3199; x_wconf 84' lang='lat' dir='ltr'>innitatur,</span> <span class='ocrx_word' id='word_1_100' title='bbox 1011 3118 1046 3179; x_wconf 91' lang='lat' dir='ltr'>et</span> <span class='ocrx_word' id='word_1_101' title='bbox 1065 3131 1111 3179; x_wconf 85' lang='lat' dir='ltr'>ex</span> <span class='ocrx_word' id='word_1_102' title='bbox 1131 3109 1207 3202; x_wconf 87' lang='lat' dir='ltr'>ipsa</span> <span class='ocrx_word' id='word_1_103' title='bbox 1225 3131 1285 3180; x_wconf 89' lang='lat' dir='ltr'>ou-</span> 
     </span>
    </p>

    <p class='ocr_par' dir='ltr' id='par_1_7' title="bbox 141 3232 1287 3835">
     <span class='ocr_line' id='line_1_16' title="bbox 141 3232 1284 3327; baseline 0.001 -23"><span class='ocrx_word' id='word_1_104' title='bbox 141 3284 144 3288; x_wconf 24' lang='lat'>*</span> <span class='ocrx_word' id='word_1_105' title='bbox 268 3236 397 3326; x_wconf 87' lang='lat' dir='ltr'>jusque</span> <span class='ocrx_word' id='word_1_106' title='bbox 416 3255 575 3327; x_wconf 88' lang='lat' dir='ltr'>personae</span> <span class='ocrx_word' id='word_1_107' title='bbox 596 3232 831 3326; x_wconf 80' lang='lat' dir='ltr'>descriptione</span> <span class='ocrx_word' id='word_1_108' title='bbox 846 3233 904 3303; x_wconf 92' lang='lat' dir='ltr'>illa</span> <span class='ocrx_word' id='word_1_109' title='bbox 919 3233 1082 3304; x_wconf 87' lang='lat' dir='ltr'>videatur</span> <span class='ocrx_word' id='word_1_110' title='bbox 1101 3233 1284 3305; x_wconf 88' lang='lat' dir='ltr'>oonolusio</span> 
     </span>
     <span class='ocr_line' id='line_1_17' title="bbox 271 3358 1286 3454; baseline 0 -24"><span class='ocrx_word' id='word_1_111' title='bbox 271 3360 459 3454; x_wconf 86' lang='lat' dir='ltr'>provenire</span> <span class='ocrx_word' id='word_1_112' title='bbox 491 3382 596 3453; x_wconf 89' lang='lat' dir='ltr'>quam</span> <span class='ocrx_word' id='word_1_113' title='bbox 625 3359 846 3453; x_wconf 90' lang='lat' dir='ltr'>persequitur</span> <span class='ocrx_word' id='word_1_114' title='bbox 885 3358 1150 3452; x_wconf 81' lang='lat' dir='ltr'>Aristophanes</span> <span class='ocrx_word' id='word_1_115' title='bbox 1193 3359 1286 3442; x_wconf 88' lang='lat' dir='ltr'>Quid</span> 
     </span>
     <span class='ocr_line' id='line_1_18' title="bbox 272 3483 1284 3579; baseline -0.002 -23"><span class='ocrx_word' id='word_1_116' title='bbox 272 3496 389 3557; x_wconf 91' lang='lat' dir='ltr'>autem</span> <span class='ocrx_word' id='word_1_117' title='bbox 408 3487 475 3558; x_wconf 92' lang='lat' dir='ltr'>hoo</span> <span class='ocrx_word' id='word_1_118' title='bbox 491 3487 542 3556; x_wconf 93' lang='lat' dir='ltr'>rei</span> <span class='ocrx_word' id='word_1_119' title='bbox 563 3488 638 3556; x_wconf 78' lang='lat' dir='ltr'>est‘?</span> <span class='ocrx_word' id='word_1_120' title='bbox 657 3484 711 3554; x_wconf 87' lang='lat' dir='ltr'>An</span> <span class='ocrx_word' id='word_1_121' title='bbox 729 3485 835 3576; x_wconf 80' lang='lat' dir='ltr'>igitur</span> <span class='ocrx_word' id='word_1_122' title='bbox 851 3483 1104 3579; x_wconf 87' lang='lat' dir='ltr'>Aristophanes</span> <span class='ocrx_word' id='word_1_123' title='bbox 1124 3485 1160 3554; x_wconf 95' lang='lat' dir='ltr'>in</span> <span class='ocrx_word' id='word_1_124' title='bbox 1177 3484 1284 3578; x_wconf 83' lang='lat' dir='ltr'>Equi-</span> 
     </span>
     <span class='ocr_line' id='line_1_19' title="bbox 273 3609 1287 3705; baseline -0.003 -23"><span class='ocrx_word' id='word_1_125' title='bbox 273 3613 367 3683; x_wconf 90' lang='lat' dir='ltr'>tibus</span> <span class='ocrx_word' id='word_1_126' title='bbox 386 3621 491 3704; x_wconf 88' lang='lat' dir='ltr'>atque</span> <span class='ocrx_word' id='word_1_127' title='bbox 513 3612 636 3705; x_wconf 90' lang='lat' dir='ltr'>Vespis</span> <span class='ocrx_word' id='word_1_128' title='bbox 668 3632 783 3681; x_wconf 90' lang='lat' dir='ltr'>mores</span> <span class='ocrx_word' id='word_1_129' title='bbox 804 3610 986 3680; x_wconf 91' lang='lat' dir='ltr'>hominum</span> <span class='ocrx_word' id='word_1_130' title='bbox 1015 3609 1150 3680; x_wconf 90' lang='lat' dir='ltr'>Molerii</span> <span class='ocrx_word' id='word_1_131' title='bbox 1176 3610 1287 3681; x_wconf 86' lang='lat' dir='ltr'>instar</span> 
     </span>
     <span class='ocr_line' id='line_1_20' title="bbox 273 3735 1287 3835; baseline -0.002 -27"><span class='ocrx_word' id='word_1_132' title='bbox 273 3737 386 3809; x_wconf 88' lang='lat' dir='ltr'>voluit</span> <span class='ocrx_word' id='word_1_133' title='bbox 404 3737 607 3830; x_wconf 82' lang='lat' dir='ltr'>depingere,</span> <span class='ocrx_word' id='word_1_134' title='bbox 629 3736 904 3835; x_wconf 82' lang='lat' dir='ltr'>necquidquam</span> <span class='ocrx_word' id='word_1_135' title='bbox 925 3737 1122 3828; x_wconf 74' lang='lat' dir='ltr'>praeterea?</span> <span class='ocrx_word' id='word_1_136' title='bbox 1141 3737 1217 3806; x_wconf 94' lang='lat' dir='ltr'>Non</span> <span class='ocrx_word' id='word_1_137' title='bbox 1238 3735 1287 3806; x_wconf 88' lang='lat' dir='ltr'>ita</span> 
     </span>
    </p>

    <p class='ocr_par' dir='ltr' id='par_1_8' title="bbox 138 3848 1287 4077">
     <span class='ocr_line' id='line_1_21' title="bbox 138 3848 1287 3957; baseline 0 -26"><span class='ocrx_word' id='word_1_138' title='bbox 138 3848 141 3855; x_wconf 33' lang='lat'>¹</span> <span class='ocrx_word' id='word_1_139' title='bbox 274 3883 417 3957; x_wconf 90' lang='lat' dir='ltr'>prorsus</span> <span class='ocrx_word' id='word_1_140' title='bbox 448 3859 715 3951; x_wconf 82' lang='lat' dir='ltr'>intelligendum</span> <span class='ocrx_word' id='word_1_141' title='bbox 746 3869 799 3930; x_wconf 90' lang='lat' dir='ltr'>est</span> <span class='ocrx_word' id='word_1_142' title='bbox 829 3859 866 3929; x_wconf 95' lang='lat' dir='ltr'>id</span> <span class='ocrx_word' id='word_1_143' title='bbox 892 3860 988 3951; x_wconf 92' lang='lat' dir='ltr'>quod</span> <span class='ocrx_word' id='word_1_144' title='bbox 1022 3860 1184 3931; x_wconf 86' lang='lat' dir='ltr'>dicimus.</span> <span class='ocrx_word' id='word_1_145' title='bbox 1214 3861 1287 3932; x_wconf 92' lang='lat' dir='ltr'>Hoo</span> 
     </span>
     <span class='ocr_line' id='line_1_22' title="bbox 276 3983 1285 4077; baseline -0.001 -22"><span class='ocrx_word' id='word_1_146' title='bbox 276 3995 412 4057; x_wconf 91' lang='lat' dir='ltr'>tantum</span> <span class='ocrx_word' id='word_1_147' title='bbox 431 3983 645 4056; x_wconf 83' lang='lat' dir='ltr'>affirmamus</span> <span class='ocrx_word' id='word_1_148' title='bbox 655 4039 665 4074; x_wconf 92' lang='lat'><strong><em>,</em></strong></span> <span class='ocrx_word' id='word_1_149' title='bbox 687 3985 783 4077; x_wconf 92' lang='lat' dir='ltr'>quod</span> <span class='ocrx_word' id='word_1_150' title='bbox 802 3983 945 4077; x_wconf 90' lang='lat' dir='ltr'>quidem</span> <span class='ocrx_word' id='word_1_151' title='bbox 962 4006 1032 4056; x_wconf 93' lang='lat' dir='ltr'>non</span> <span class='ocrx_word' id='word_1_152' title='bbox 1050 3985 1195 4056; x_wconf 91' lang='lat' dir='ltr'>dubium</span> <span class='ocrx_word' id='word_1_153' title='bbox 1213 3995 1285 4076; x_wconf 91' lang='lat' dir='ltr'>est,</span> 
     </span>
    </p>
   </div>
   <div class='ocr_carea' id='block_1_4' title="bbox 0 0 1474 4824">
    <p class='ocr_par' dir='ltr' id='par_1_9' title="bbox 0 0 1474 4824">
     <span class='ocr_line' id='line_1_23' title="bbox 0 0 1474 4824; baseline 0 0"><span class='ocrx_word' id='word_1_154' title='bbox 0 0 1474 4824; x_wconf 95' lang='lat' dir='ltr'> </span> 
     </span>
    </p>
   </div>
  </div>
 </body>
</html>
