2904 4824
707 384 742 396 ..
761 359 796 412 54
815 386 847 398 .-

278 488 481 558 tenuitatem
514 483 617 555 simul
648 492 683 554 et
712 482 881 553 malitiam
909 483 1120 572 relerentes,
1158 484 1284 556 studiis

277 610 397 703 agitati
433 609 659 697 ardentibus,
698 608 816 678 animo
855 629 993 702 semper
1031 609 1200 702 inquieto.
1232 610 1284 679 lln

278 736 384 827 igitur
399 756 469 827 quo
488 734 614 805 recidit
633 732 784 826 populus
804 732 863 802 ille
882 731 1125 823 Atheniensis,
1158 736 1286 806 robore

280 860 456 954 quondam
477 859 608 929 invicto
629 857 916 944 florentissimus,
940 881 1002 929 sen
1021 860 1204 931 Persarum
1225 884 1285 955 pe·

281 987 371 1056 dites
388 985 422 1053 in
442 983 669 1054 Marathoniis
689 983 821 1077 campis
856 983 1078 1077 profligaret,
1108 1009 1172 1057 seu
1197 987 1286 1058 clas-

281 1132 354 1181 sem
392 1108 484 1202 apud
522 1107 733 1177 Salaminam
772 1108 977 1199 disjiceret!
1025 1110 1156 1181 Studiis
1204 1120 1288 1181 tunc

280 1233 491 1327 grandibus,
542 1252 611 1301 non
644 1231 827 1321 judicandi
869 1232 988 1303 nescio
1028 1254 1096 1325 qua
1140 1233 1287 1304 libidine

281 1357 462 1449 flagrabat.
500 1356 586 1424 Tum
625 1376 781 1448 praeceps
820 1378 961 1449 quoque
988 1358 1033 1426 ad
1059 1356 1234 1449 agendum
1254 1367 1289 1429 et

281 1480 425 1575 rapidus
460 1480 666 1568 videbatur;
707 1481 770 1549 sed
808 1480 928 1551 hostes
960 1481 1181 1575 reipublicae,
1218 1503 1289 1552 non

283 1605 430 1675 miseros
444 1604 580 1696 aliquos
592 1625 684 1692 reos,
697 1603 942 1675 Cleonilorsan
954 1607 1127 1678 immerito
1140 1608 1287 1695 invisos,
1351 1622 1355 1629 '

284 1731 571 1825 persequebatur.
591 1731 716 1801 Noctes
731 1753 817 1801 vero
834 1731 946 1803 bastae
961 1733 1104 1804 innixus
1117 1735 1175 1803 vel
1184 1734 1291 1804 ramis

285 1859 508 1944 incumbenS,
549 1878 619 1927 non
655 1858 825 1927 tribunali
859 1859 960 1951 quasi
994 1859 1145 1948 aflixus,
1174 1860 1291 1952 perui-

286 1984 394 2075 gilare
438 1990 682 2053 consueverat.
725 1982 796 2053 lllis
834 1983 927 2053 enim
966 1983 1183 2076 temporibus
1221 2005 1292 2054 non

287 2109 472 2179 triobolum
490 2106 681 2197 judicando
701 2108 848 2195 mereri,
876 2107 938 2178 sed
959 2108 1087 2178 divites
1110 2109 1292 2180 Persarum

287 2257 427 2327 campos
447 2255 619 2326 occupare
638 2254 841 2326 graecasque
862 2233 1021 2304 civitates
1052 2255 1195 2305 servare
1215 2257 1293 2326 ges-

287 2362 438 2448 tiebant;
451 2382 531 2450 ¹nou
550 2359 656 2430 Cleon
677 2369 760 2428 tunc
780 2360 926 2452 aliquis,
946 2361 1009 2430 sed
1023 2361 1291 2450 Themistocleo,

288 2494 323 2556 et
337 2484 523 2572 Miltiades,
546 2492 581 2554 et
600 2481 773 2554 Aristides
794 2505 967 2554 summam
986 2506 1103 2554 rorum
1121 2486 1295 2576 guberna-

287 2611 383 2680 bant.

337 2733 386 2804 Eo
406 2733 517 2803 tondit
535 2732 648 2803 omnis
674 2733 845 2804 comoedia
865 2745 904 2803 ut
923 2737 1090 2829 populum
1113 2736 1295 2827 judicandi

289 2859 431 2953 quidem
460 2858 607 2928 libidine
636 2858 869 2928 miserrimum
890 2859 1207 2953 stultissimumque
1226 2863 1297 2932 lac-

290 2995 363 3055 tum
384 3007 480 3072 esse,
503 2984 561 3054 illa
582 3006 667 3054 vero
694 2984 834 3078 dempta
864 2984 1011 3056 libidine
1036 2986 1172 3056 felicem
1192 2986 1297 3057 simul

291 3110 365 3181 lore
384 3120 562 3203 appareat.
583 3109 653 3178 Nec
670 3109 799 3202 patitur
818 3132 960 3203 prorsus
976 3111 1034 3180 illa
1051 3121 1164 3205 poetae
1177 3114 1299 3182 volun·

292 3243 343 3304 tas
360 3232 615 3304 Philocleonem
632 3233 698 3303 sibi
714 3234 759 3303 ad
774 3243 984 3323 extremum,
1002 3244 1042 3305 ut
1056 3237 1104 3305 ait
1118 3237 1294 3328 Horatius,

291 3369 462 3429 constare.
485 3357 715 3430 Philocleonis
732 3359 838 3450 igitur
857 3360 943 3430 illud
963 3361 1142 3452 ingenium
1165 3363 1298 3433 tamdiu

292 3485 434 3576 quidem
454 3485 599 3578 exponit
625 3486 792 3577 quamdiu
821 3487 998 3580 proposito
1023 3510 1087 3559 suo
1108 3492 1299 3561 convenire

293 3610 499 3699 arbitratur3
535 3621 701 3682 caeterum
735 3634 804 3682 non
841 3613 977 3683 dubitat
1011 3614 1103 3685 idem
1139 3616 1226 3685 illud
1254 3617 1299 3686 ad

292 3759 404 3807 novos
438 3737 580 3809 omnino
618 3761 734 3810 mores
754 3740 789 3807 in
810 3737 880 3809 line
915 3741 1030 3834 operis
1068 3751 1296 3830 convertere,

293 3883 363 3952 quo
383 3861 538 3931 vividius
558 3863 631 3955 ipsa
653 3863 709 3933 illa
738 3864 929 3935 mutatione
963 3867 1167 3936 ostendatur
1196 3889 1299 3938 novae

294 3985 398 4075 hujus
430 3985 513 4056 vitae
547 3987 704 4058 felicitas.
740 3988 810 4058 Nec
836 4010 922 4059 vero
959 3988 1216 4061 Philocleonem
1235 4013 1298 4084 per
