2904 4824
580 1098 716 1171 curun
742 1098 980 1172 sncuunuu.
1078 1043 1082 1047 ’

277 1427 527 1487 PLERARUMQUE
546 1427 580 1475 IN
602 1426 847 1492 nnlsvorfltrtts
867 1426 1041 1477 COMOEDHS
1060 1427 1290 1478 Pnnsottnltunt
1312 1459 1315 1469 ·

325 1554 437 1603 MORES
456 1554 496 1602 ET
522 1552 659 1602 INGENIA
685 1552 862 1602 antsslun
885 1552 1021 1602 TANTUM
1045 1552 1288 1602 DESCRIPTIONE

328 1679 427 1738 QUASI
446 1677 661 1728 nnuuultnltl.
1199 1663 1201 1667 ’

327 1995 361 2064 Si
393 1993 471 2087 quis
504 1992 748 2086 Aristophanis
781 1991 972 2063 comoedias
1004 1993 1187 2085 perlegat,
1219 1993 1289 2065 hoc

279 2120 395 2191 statim
416 2118 686 2205 animadvertet,
710 2117 862 2198 maxime
878 2117 1040 2188 distincta
1058 2128 1290 2211 separataque

278 2266 507 2338 personarum
535 2264 664 2335 genera
689 2243 730 2312 ‘in
758 2229 828 2312 illis
856 2264 960 2335 posse
988 2242 1158 2332 inveniri,
1186 2253 1292 2336 prout
1402 2255 1405 2259 ’

278 2371 449 2462 cujusque
476 2389 589 2439 mores
611 2377 646 2437 et
665 2367 844 2458 ingenium
865 2367 976 2458 magis
1004 2368 1166 2438 minusve
1185 2389 1289 2438 aceu-

278 2507 372 2584 rate,
397 2503 457 2564 aut
472 2494 612 2582 vivide,
635 2502 696 2562 aut
718 2493 912 2586 praesertim
932 2502 1132 2564 constanter
1148 2493 1291 2586 depicta

279 2621 361 2690 sint.
393 2618 509 2702 Quum
539 2618 647 2710 igitur
667 2618 846 2719 nonnuilae
865 2618 936 2688 sint
955 2641 1114 2711 personae
1141 2640 1308 2712 quarum·

280 2746 326 2816 ita
343 2766 459 2816 mores
480 2744 610 2836 depicti
631 2744 760 2814 fuerint
778 2753 817 2812 ut
837 2744 893 2814 vel
913 2766 992 2814 cum
1013 2739 1218 2815 recentioris
1232 2765 1291 2815 co·

280 2870 419 2941 moediae
436 2869 594 2962 personis
616 2868 710 2938 haud
726 2868 900 2938 immerito
916 2869 1057 2939 valeant
1072 2868 1288 2962 comparari,

280 2993 326 3065 de
345 2993 481 3064 caeteris
502 2993 628 3064 leviter
648 3002 780 3062 tantum
802 3004 837 3063 et
856 2993 1055 3071 summatim
1077 2993 1291 3063 disseremus

280 3128 314 3190 et
347 3120 463 3212 potius
497 3118 775 3210 unumquodque
809 3140 920 3209 genus
955 3119 1153 3190 notabimus
1185 3132 1292 3211 quam

280 3243 599 3335 singulacujusq‘ue
615 3263 775 3334 personae
790 3242 876 3313 vitia
891 3253 951 3313 aut
962 3243 1126 3335 'singutas
1143 3243 1292 3314 virtutes

172 3445 175 3450 ,
279 3368 566 3439 memorabimus.

285 3560 290 3564 ,
327 3494 480 3563 Primum
500 3494 678 3585 quoddam
700 3492 833 3563 scilicet
853 3514 1081 3586 personarum
1102 3516 1214 3586 genus
1238 3504 1291 3566 est

279 3643 300 3692 a
325 3620 459 3690 Moierii
484 3620 641 3713 personis
665 3620 818 3689 maxime
839 3619 991 3705 distanS,
1020 3620 1083 3689 vix
1107 3621 1211 3691 celeri
1232 3643 1290 3691 ca-

253 3748 371 3817 ·lamo
391 3745 491 3837 quasi
517 3746 754 3834 delineatum,
785 3745 914 3836 illaque
941 3745 1204 3816 demonstrandi
1230 3768 1292 3817 ne-

280 3872 443 3943 cessitate
480 3893 585 3962 quam
629 3870 783 3941 diximus
823 3871 1000 3964 praecipue
1044 3878 1332 3970 extenuatum.[
1420 3950 1422 3955 ⁴

192 4047 193 4051 η
282 3997 399 4073 Multae
419 3997 511 4066 enim
531 3996 625 4089 apud
644 3994 913 4089 Aristophanem
928 4018 1089 4089 personae
1108 4007 1190 4068 sunt
1209 4019 1291 4090 quae
