2904 4824
634 372 778 428 ..27-

204 527 284 578 cum
304 503 429 574 marito
449 500 695 587 communicet,
716 499 906 570 elementer
925 499 1081 571 exaudit.
1120 499 1213 583 Quid
1317 558 1324 573 .

204 632 336 724 igitur‘l
353 629 408 700 An
424 629 536 700 voluit
555 636 658 722 poeta
674 626 900 720 Dicaeopolim
916 627 1212 699 nobisostendcre

208 777 302 826 nune
319 754 461 844 durum,
485 774 578 825 nunc
611 752 849 822 clementem‘l
878 752 1020 823 Minime
1052 773 1208 847 prorsus.

203 881 274 952 Cur
293 880 482 974 agricolam
507 878 666 973 repellat,
698 899 740 949 ea
779 887 912 948 tantum
946 900 1052 950 causa
1089 889 1143 950 est
1174 889 1213 950 ut

203 1005 367 1099 exemplo
387 1002 517 1095 insigni
532 1002 695 1094 agricolae
715 1002 863 1073 stultitia
882 1003 1038 1073 simulet
1072 1004 1212 1075 miseria

203 1140 383 1225 appareat,
407 1129 467 1222 qui
483 1128 656 1199 Lamacho
675 1127 804 1198 stolide
830 1128 934 1217 savit3
974 1115 1091 1222 puella
1125 1150 1211 1201 vero

203 1256 240 1325 in
259 1276 399 1326 scenam
420 1253 501 1324 ideo
532 1253 753 1346 potissimum
776 1252 953 1324 inducitur
976 1263 1014 1323 ut
1039 1254 1130 1325 sales
1146 1254 1211 1324 ali-

205 1404 296 1475 quos
312 1380 544 1467 subrusticus,
566 1379 624 1448 illa
642 1380 723 1448 data
743 1380 940 1469 occasione,
973 1380 1211 1473 spectantibus

202 1507 327 1578 offerat
356 1504 622 1598 Aristophanes.
656 1504 707 1574 De
740 1503 858 1575 indole
895 1525 981 1576 vero
1001 1514 1036 1575 et
1055 1506 1211 1577 moribus

202 1631 354 1703 bominis
366 1684 377 1721 ,
394 1630 520 1700 iterum
542 1629 669 1716 dicam,
693 1638 796 1722 poeta
816 1628 903 1698 nibil
932 1630 1075 1700 omnino
1097 1640 1207 1701 curat.

250 1757 411 1828 Nondum
432 1756 538 1848 igitur
559 1776 747 1848 personam
766 1755 862 1825 illam
883 1756 1085 1826 invenimus
1105 1779 1211 1849 quam

202 1882 407 1975 quaerimuS,
448 1880 591 1952 omnino
611 1881 744 1952 scilicet
777 1882 988 1969 absolutam,
1024 1882 1092 1952 sibi
1127 1902 1211 1952 con-

201 2017 364 2096 stantem,
388 2017 513 2077 natura
531 2007 635 2076 simul
650 2028 720 2076 una
741 2017 776 2078 et
810 2007 992 2100 multiplici
1009 2008 1207 2102 praeditam.

202 2132 313 2216 Quam
333 2132 452 2202 multae
480 2130 652 2222 ejusmodi
686 2154 846 2226 personae
879 2132 973 2226 apud
1003 2131 1210 2225 Aristopha-

202 2278 283 2328 nem
299 2256 444 2351 reperiri
460 2256 608 2350 possint,
630 2257 862 2349 sequentibus
882 2256 1020 2351 paginis
1040 2257 1212 2350 disquire

203 2402 295 2450 mus.
