2904 4824
699 378 733 390 ..
753 351 787 404 52
806 378 842 389 -

312 476 348 546 Si
363 476 592 579 ⁶colloquium
619 477 732 570 primo
758 478 907 549 duorum
933 499 1136 566 servorum,
1165 479 1273 550 Niciae

264 622 390 695 nempe
414 611 458 672 et
494 601 764 692 Demosthenis,
800 603 963 672 audimus
978 656 989 691 ,
1022 604 1095 695 jam
1128 625 1273 676 noscere

263 725 424 798 Cleonem
445 727 642 822 incipimus.
667 729 868 812 Queruntur
894 751 1020 822 nempe
1041 731 1136 822 quod
1160 731 1273 802 servi·

264 851 350 921 tium
378 862 501 923 natura
525 854 653 923 durum
678 876 802 925 servus
828 832 971 946 quidam
996 854 1193 947 Paphlago,
1215 877 1272 928 re-

264 999 346 1048 cens
368 978 402 1047 in
432 981 588 1050 savorem
622 981 753 1051 domini
780 992 980 1074 prosectus,
1014 981 1137 1052 durius
1166 982 1272 1052 etiam

263 1103 430 1174 effecerit.
462 1104 550 1175 Hinc
568 1105 743 1198 Paphlago
765 1105 988 1176 describitur.
1017 1105 1109 1175 Nihil
1129 1105 1272 1177 homine

263 1232 463 1322 scelestius3
485 1233 573 1303 nihil
592 1235 637 1305 ad
667 1234 951 1304 calumniandum
973 1235 1180 1328 promptius.
1202 1237 1271 1306 He-

263 1384 340 1431 rum
360 1362 453 1432 enim
473 1363 612 1456 penitus
632 1363 749 1452 novit3
772 1365 869 1452 seni,
888 1364 984 1433 canis
1004 1386 1113 1454 more,
1132 1366 1272 1435 blandi·

265 1500 319 1556 tur
340 1488 494 1576 assidue,
517 1487 686 1581 illumque
706 1488 804 1557 fallit.
826 1489 862 1557 Si
882 1489 961 1580 quis
981 1511 1027 1559 ex
1042 1490 1177 1560 caeteris
1199 1513 1273 1562 ser-

264 1613 320 1684 vis
348 1613 464 1683 cibum
495 1613 647 1705 aliquem
678 1614 847 1706 optimum
878 1614 1009 1706 Populo
1037 1617 1271 1707 comparavit,

264 1737 331 1808 hoc
345 1738 461 1809 statim
478 1738 653 1832 Paphlago
670 1737 819 1831 subripit
834 1739 928 1830 quod
949 1738 1092 1809 nomine
1107 1761 1171 1810 suo
1188 1741 1274 1810 ofle-

266 1873 331 1932 rat.
353 1863 517 1956 Reliquos
543 1885 629 1934 vero
649 1884 771 1933 servos
793 1861 930 1954 flagello
951 1873 1045 1933 arcet
1064 1885 1083 1932 a
1103 1864 1271 1955 Domino,

266 2011 369 2081 quem
397 1989 509 2060 solum
529 1999 563 2060 11
582 1988 677 2060 falsis
703 1989 964 2060 adulationibus
990 1999 1025 2060 et
1047 1990 1275 2062 mendacibus

266 2113 415 2184 oraculis
434 2114 590 2184 deludat.
613 2113 741 2185 Cuncta
766 2113 870 2184 simul
896 2113 1070 2184 indefessa
1092 2114 1274 2205 vigilantia

264 2239 429 2310 observat
451 2264 458 2308 :
481 2238 607 2332 pedem
633 2260 742 2308 unum
763 2237 859 2332 Pyli,
883 2238 1031 2308 alterum
1053 2239 1089 2307 in
1114 2239 1189 2311 foro
1209 2240 1272 2311 ha-

261 2363 333 2434 bct.
355 2361 598 2455 Agoracritum
618 2362 724 2453 igitur
734 2371 861 2433 contra
878 2361 1040 2432 Cleonem
1061 2384 1271 2455 promovere

260 2497 457 2560 statuerunt
487 2487 602 2558 Nicias
632 2496 667 2557 11
685 2488 960 2576 Demosthenes,
989 2487 1167 2558 hominem
1189 2511 1269 2583 pro·

261 2614 350 2685 fecto
368 2614 510 2702 rudem,
532 2611 595 2683 sed
614 2613 784 2682 audacem
800 2612 1081 2706 improbumque.
1108 2638 1124 2678 «
1143 2613 1267 2684 Omnia

264 2764 280 2806 u
302 2738 433 2808 scilicet
448 2737 506 2807 illa
521 2737 644 2826 habes,
667 2763 683 2803 1
700 2736 811 2826 aiunt,
832 2763 849 2803 «
867 2759 911 2808 ex
930 2738 1058 2829 quibus
1071 2736 1133 2807 fiat
1148 2738 1268 2809 dema-

264 2886 413 2956 »gogus
437 2887 443 2932 :
466 2884 590 2934 vocem
617 2884 743 2955 nempe
771 2862 983 2952 terribilem,
1013 2862 1168 2934 indolem
1188 2885 1268 2956 pes·

263 3015 280 3056 n
301 2990 451 3079 simam,
487 3010 684 3059 sermonem
714 2987 895 3058 horridum
925 2984 993 3083 (l).
1032 3014 1048 3054 n
1077 2988 1153 3071 Quo
1183 3010 1268 3060 vero

261 3125 416 3209 tempore
444 3114 520 3190 haeo
546 3113 662 3184 omnia
683 3121 898 3206 peraguntur
927 3112 1112 3203 insecus,
1142 3111 1271 3183 dormit

260 3241 375 3312 adhue
385 3295 396 3330 ,
418 3250 457 3310 ut
475 3239 589 3309 Nicias
609 3239 676 3328 ait,
698 3260 777 3309 cum
802 3239 956 3309 maximo
976 3237 1081 3308 simul
1100 3233 1270 3309 111111111-

259 3367 348 3438 simo
367 3366 514 3459 strepitu
533 3365 721 3458 Paphlago.
744 3365 805 3435 lllo
832 3364 937 3456 igitur
962 3365 1118 3435 nondum
1138 3364 1173 3433 in
1193 3385 1269 3435 sce-

259 3513 340 3562 nam
360 3511 569 3586 progresso,
592 3490 665 3580 jam
689 3498 849 3560 naturam
869 3489 1112 3582 cognoscimus
1139 3489 1268 3583 turpis·

295 3829 341 3896 (1)ι
458 3833 495 3882 Τὰ
507 3833 528 3881 δ’
542 3833 604 3882 ἄλλα
619 3847 658 3880 σοι
672 3831 791 3896 πρόσεστι
804 3830 976 3894 δημαγωγικὰ,

458 3925 531 3984 Φωνὴ
546 3923 633 3988 μιαρὰ,
647 3923 747 3985 γέγονας
760 3926 856 3983 rande,
870 3921 987 3985 ἀγοραῖος
1000 3920 1031 3968 sl.

933 4008 968 4063 V.
984 4009 1047 4065 217.
